<record><leader>00000cas a22000007a 4500</leader><controlfield tag="001">18202770</controlfield><controlfield tag="008">880712d190919uulauir ne      0    0eng d</controlfield><datafield ind1=" " ind2=" " tag="010"><subfield code="a">sn 88064544 </subfield></datafield><datafield ind1=" " ind2=" " tag="040"><subfield code="a">LNP</subfield><subfield code="b">eng</subfield><subfield code="c">LNP</subfield><subfield code="d">OCLCQ</subfield></datafield><datafield ind1=" " ind2=" " tag="042"><subfield code="a">msc</subfield></datafield><datafield ind1="0" ind2=" " tag="130"><subfield code="a">Herald (Morgan City, La.)</subfield></datafield><datafield ind1="1" ind2="4" tag="245"><subfield code="a">The Herald.</subfield></datafield><datafield ind1="3" ind2="0" tag="246"><subfield code="a">Tri-weekly herald</subfield></datafield><datafield ind1=" " ind2=" " tag="260"><subfield code="a">Morgan City, La. :</subfield><subfield code="b">Commercial Print. Co.</subfield></datafield><datafield ind1=" " ind2=" " tag="300"><subfield code="a">v.</subfield></datafield><datafield ind1=" " ind2=" " tag="310"><subfield code="a">Three times a week</subfield></datafield><datafield ind1="1" ind2=" " tag="362"><subfield code="a">Began in 1909?</subfield></datafield><datafield ind1=" " ind2=" " tag="588"><subfield code="a">Description based on: Vol. 1, no. 65 (Sept. 21, 1909).</subfield></datafield><datafield ind1=" " ind2=" " tag="752"><subfield code="a">United States</subfield><subfield code="b">Louisiana</subfield><subfield code="c">Saint Mary</subfield><subfield code="d">Morgan City.</subfield></datafield></record>